<?xml version="1.0" encoding="UTF-8"?><collection xmlns="http://www.loc.gov/MARC21/slim"><record><leader>00659nam--2200193-i-4500</leader><controlfield tag="001">000014826</controlfield><controlfield tag="002">20161230</controlfield><controlfield tag="005">20161230201031</controlfield><controlfield tag="008">060222s1000------------r-----000-0-eng-d</controlfield><datafield ind1=" " ind2=" " tag="020"><subfield code="a">0080227252</subfield></datafield><datafield ind1=" " ind2=" " tag="040"><subfield code="a">IFIN-HH</subfield></datafield><datafield ind1=" " ind2=" " tag="080"><subfield code="a">523.72:621.472(061.3):620.92</subfield></datafield><datafield ind1="1" ind2=" " tag="100"><subfield code="a">Winter, Francis De</subfield></datafield><datafield ind1="1" ind2="0" tag="245"><subfield code="a">Sun mankind's future source of energy</subfield><subfield code="b">Proceedings of the international solar energy society congress new delhi, india - january 1978 volume two</subfield><subfield code="c">Francis de winter, michael cox (eds.)</subfield></datafield><datafield ind1=" " ind2=" " tag="260"><subfield code="a">New York</subfield><subfield code="b">Pergamon Press</subfield><subfield code="c">1978</subfield></datafield><datafield ind1=" " ind2=" " tag="300"><subfield code="a">/XXIX+591P./1363P</subfield></datafield><datafield ind1="1" ind2=" " tag="700"><subfield code="a">Cox, Michael</subfield><subfield code="e">Ed</subfield></datafield><datafield ind1=" " ind2=" " tag="852"><subfield code="a">75690</subfield><subfield code="c">523</subfield></datafield><datafield ind1=" " ind2=" " tag="CAT"><subfield code="a">Sys</subfield><subfield code="c">20141208</subfield><subfield code="h">182835</subfield></datafield></record></collection>